@article{whit2012,
   author = {Whitfield-Gabrieli, S. and Ford, J. M.},
   title = {Default mode network activity and connectivity in psychopathology},
   journal = {Annu Rev Clin Psychol},
   volume = {8},
   pages = {49-76},
   year = {2012},
   type = {Journal Article}
}

@article{whit2009pnas,
   author = {Whitfield-Gabrieli, S. and Thermenos, H. W. and Milanovic, S. and Tsuang, M. T. and Faraone, S. V. and McCarley, R. W. and Shenton, M. E. and Green, A. I. and Nieto-Castanon, A. and LaViolette, P. and Wojcik, J. and Gabrieli, J. D. and Seidman, L. J.},
   title = {Hyperactivity and hyperconnectivity of the default network in schizophrenia and in first-degree relatives of persons with schizophrenia},
   journal = {Proc Natl Acad Sci U S A},
   volume = {106},
   number = {4},
   pages = {1279-84},
   year = {2009},
   type = {Journal Article}
}

@article{weiss2006,
   author = {Weissman, D.H. and Roberts, K.C. and Visscher, K. M. and Woldorff, M. G.},
   title = {The neural bases of momentary lapses in attention},
   journal = {Nat Neurosci},
   volume = {9},
   number = {7},
   pages = {971-978},
   year = {2006},
   type = {Journal Article}
}

@article{varoqu2011,
   author = {Varoquaux, Ga{\"e}l and Gramfort, Alexandre and Pedregosa, Fabian and Michel, Vincent and Thirion, Bertrand},
   title = {Multi-subject dictionary learning to segment an atlas of brain spontaneous activity},
   journal = {Information Processing in Medical Imaging},
   pages = {562-573},
   year = {2011},
   type = {Journal Article}
}

@book{vapnik96,
   author = {Vapnik, V.N.},
   title = {The nature of statistical learning theory.},
   publisher = {Springer},
   address = {New York},
   year = {1996},
   type = {Book}
}

@article{sridh2008,
   author = {Sridharan, D. and Levitin, D. J. and Menon, V.},
   title = {A critical role for the right fronto-insular cortex in switching between central-executive and default-mode networks},
   journal = {Proc Natl Acad Sci U S A},
   volume = {105},
   number = {34},
   pages = {12569-74},
   year = {2008},
   type = {Journal Article}
}

@article{smith2009,
   author = {Smith, S. M. and Fox, P. T. and Miller, K. L. and Glahn, D. C. and Fox, P. M. and Mackay, C. E. and Filippini, N. and Watkins, K. E. and Toro, R. and Laird, A. R. and Beckmann, C. F.},
   title = {Correspondence of the brain's functional architecture during activation and rest},
   journal = {Proc Natl Acad Sci U S A},
   volume = {106},
   number = {31},
   pages = {13040-5},
   year = {2009},
   type = {Journal Article}
}

@article{shul1997,
   author = {Shulman, G. L. and Fiez, J. A. and Corbetta, M. and Buckner, R. L. and Miezin, F. M. and Raichle, M. E. and Petersen, S. E.},
   title = {Common blood flow changes across visual tasks .2. Decreases in cerebral cortex},
   journal = {Journal of Cognitive Neuroscience},
   volume = {9},
   number = {5},
   pages = {648-663},
   year = {1997},
   type = {Journal Article}
}

@article{shlens2014,
   author = {Shlens, Jonathon},
   title = {A tutorial on principal component analysis},
   journal = {arXiv preprint arXiv:1404.1100},
   year = {2014},
   type = {Journal Article}
}

@article{shehz2009,
   author = {Shehzad, Z. and Kelly, A. M. and Reiss, P. T. and Gee, D. G. and Gotimer, K. and Uddin, L. Q. and Lee, S. H. and Margulies, D. S. and Roy, A. K. and Biswal, B. B. and Petkova, E. and Castellanos, F. X. and Milham, M. P.},
   title = {The resting brain: unconstrained yet reliable},
   journal = {Cereb Cortex},
   volume = {19},
   number = {10},
   pages = {2209-29},
   year = {2009},
   type = {Journal Article}
}

@article{seeley2009,
   author = {Seeley, W. W. and Crawford, R.K. and Zhou, J. and Miller, B.L. and Greicius, M.D.},
   title = {Neurodegenerative Diseases Target Large-Scale Human Brain Networks},
   journal = {Neuron},
   volume = {62},
   pages = {42–52},
   year = {2009},
   type = {Journal Article}
}

@article{seeley2007,
   author = {Seeley, W. W. and Menon, V. and Schatzberg, A. F. and Keller, J. and Glover, G. H. and Kenna, H. and Reiss, A. L. and Greicius, M. D.},
   title = {Dissociable intrinsic connectivity networks for salience processing and executive control},
   journal = {J Neurosci},
   volume = {27},
   number = {9},
   pages = {2349-56},
   year = {2007},
   type = {Journal Article}
}

@article{ross2008,
   author = {Ross, David A. and Lim, Jongwoo and Lin, Ruei-Sung and Yang, Ming-Hsuan},
   title = {Incremental learning for robust visual tracking},
   journal = {International Journal of Computer Vision},
   volume = {77},
   number = {1-3},
   pages = {125-141},
   year = {2008},
   type = {Journal Article}
}

@article{randy2008,
   author = {Buckner, R. L. and Andrews-Hanna, J. R. and Schacter, D. L.},
   title = {The brain's default network: anatomy, function, and relevance to disease},
   journal = {Ann N Y Acad Sci},
   volume = {1124},
   pages = {1-38},
   year = {2008},
   type = {Journal Article}
}

@article{raichle2001pnas,
   author = {Raichle, M. E. and MacLeod, A. M. and Snyder, A. Z. and Powers, W. J. and Gusnard, D. A. and Shulman, G. L.},
   title = {A default mode of brain function},
   journal = {Proceedings of the National Academy of Sciences of the United States of America},
   volume = {98},
   number = {2},
   pages = {676-82},
   year = {2001},
   type = {Journal Article}
}

@article{per09,
   author = {Pereira, F. and Mitchell, T. and Botvinick, M.},
   title = {Machine learning classifiers and fMRI: a tutorial overview},
   journal = {Neuroimage},
   volume = {45},
   pages = {199-209},
   year = {2009},
   type = {Journal Article}
}

@article{pedr11,
   author = {Pedregosa, F. and Varoquaux, G. and Gramfort, A. and Michel, V. and Thirion, B. and Grisel, O. and Blondel, M. and Prettenhofer, P. and Weiss, R. and Dubourg, V. and Vanderplas, J. and Passos, A. and Cournapeau, D. and Brucher, M. and Perrot, M. and Duchesnay, E.},
   title = {Scikit-learn: Machine Learning in Python},
   journal = {The Journal of Machine Learning Research},
   volume = {12},
   pages = {2825-2830},
   year = {2011},
   type = {Journal Article}
}

@article{nan09,
   author = {Nanetti, L. and Cerliani, L. and Gazzola, V. and Renken, R. and Keysers, C.},
   title = {Group analyses of connectivity-based cortical parcellation using repeated k-means clustering},
   journal = {Neuroimage},
   volume = {47},
   number = {4},
   pages = {1666-77},
   year = {2009},
   type = {Journal Article}
}

@article{mesulam2012,
   author = {Mesulam, M.},
   title = {The evolving landscape of human cortical connectivity: Facts and inferences},
   journal = {Neuroimage},
   volume = {62},
   pages = {2182–2189},
   year = {2012},
   type = {Journal Article}
}

@article{menon2010,
   author = {Mennes, M. and Kelly, C. and Zuo, X.N. and Di Martino, A. and Biswal, b. and Castellanos, X.F. and Milham, M. P.},
   title = {Inter-Individual Differences in Resting State Functional Connectivity Predict Task-Induced BOLD Activity},
   journal = {Neuroimage},
   volume = {50},
   number = {4},
   pages = {1690–1701},
   year = {2010},
   type = {Journal Article}
}

@article{mennes2013,
   author = {Mennes, M. and Kelly, C. and Colcombe, S. and Castellanos, F. X. and Milham, M. P.},
   title = {The Extrinsic and Intrinsic Functional Architectures of the Human Brain are not equivalent},
   journal = {Cereb Cortex},
   volume = {23},
   pages = {223-229},
   year = {2013},
   type = {Journal Article}
}

@article{mckeown1998,
   author = {McKeown, Martin J. and Jung, Tzyy-Ping and Makeig, Scott and Brown, Greg and Kindermann, Sandra S. and Lee, Te-Won and Sejnowski, Terrence J.},
   title = {Spatially independent activity patterns in functional MRI data during the Stroop color-naming task},
   journal = {Proceedings of the National Academy of Sciences},
   volume = {95},
   number = {3},
   pages = {803-810},
   year = {1998},
   type = {Journal Article}
}

@article{mason2007,
   author = {Mason, M.F. and Norton, M.I. and Van Horn, J.D. and Wegner, D.M. and Grafton, S.T. and Macrae, C. N.},
   title = {Wandering minds: the default network and stimulus-independent thought},
   journal = {Science},
   volume = {315},
   pages = {393-395},
   year = {2007},
   type = {Journal Article}
}

@article{mantini11,
   author = {Mantini, D. and Gerits, A. and Nelissen, K. and Durand, J. B. and Joly, O. and Simone, L. and Sawamura, H. and Wardak, C. and Orban, G. A. and Buckner, R. L. and Vanduffel, W.},
   title = {Default mode of brain function in monkeys},
   journal = {J Neurosci},
   volume = {31},
   number = {36},
   pages = {12954-62},
   year = {2011},
   type = {Journal Article}
}

@article{lu12,
   author = {Lu, H. and Zou, Q. and Gu, H. and Raichle, M.E. and Stein, E.A. and Yang, Y.},
   title = {Rat brains also have a default mode network},
   journal = {Proc Natl Acad Sci U S A},
   volume = {109},
   number = {10},
   pages = {3979–3984},
   year = {2012},
   type = {Journal Article}
}

@article{lloyd57,
   author = {Lloyd, S.P.},
   title = {Least squares quantization in PCM},
   journal = {IEEE Trans. Inf. Theory},
   volume = {28},
   pages = {129-137},
   year = {1957},
   type = {Journal Article}
}

@article{liddle2011,
   author = {Liddle, E.B. and Hollis, C. and Batty, M.J. and Groom, M.J. and Totman, J.J. and Liotti, M. and Scerif, G. and Liddle, P. F.},
   title = {Task-related Default Mode Network modulation and inhibitory control in ADHD: effects of motivation and methylphenidate},
   journal = {Journal of Child Psychology and Psychiatry},
   volume = {52},
   number = {7},
   pages = {761–771},
   year = {2011},
   type = {Journal Article}
}

@article{laird2009,
   author = {Laird, A. R. and Eickhoff, S. B. and Li, K. and Robin, D. A. and Glahn, D. C. and Fox, P. T.},
   title = {Investigating the functional heterogeneity of the default mode network using coordinate-based meta-analytic modeling},
   journal = {J Neurosci},
   volume = {29},
   number = {46},
   pages = {14496-505},
   year = {2009},
   type = {Journal Article}
}

@article{klaas2004,
   author = {Stephan, K. E.},
   title = {On the role of general system theory for functional neuroimaging},
   journal = {J. Anat.},
   volume = {205},
   pages = {443–470},
   year = {2004},
   type = {Journal Article}
}

@article{kennedy2006,
   author = {Kennedy, D.P. and Redcay, E. and Courchesne, E.},
   title = {Failing to deactivate: Resting functional abnormalities in autism},
   journal = {Proc Natl Acad Sci U S A},
   volume = {103},
   number = {21},
   pages = {8275–8280},
   year = {2006},
   type = {Journal Article}
}

@article{john67,
   author = {Johnson, S. C.},
   title = {Hierarchical clustering schemes.},
   journal = {Psychometrika},
   volume = {32},
   pages = {241–254},
   year = {1967},
   type = {Journal Article}
}

@article{hyvarinen2000,
   author = {Hyvarinen, Aapo},
   title = {Fast and robust fixed-point algorithms for independent component analysis},
   journal = {Neural Networks, IEEE Transactions on},
   volume = {10},
   number = {3},
   pages = {626-634},
   year = {1999},
   type = {Journal Article}
}

@book{hastie,
   author = {Hastie, T. and Tibshirani, R. and Friedman, J.},
   title = {The Elements of Statistical Learning},
   publisher = {Springer Series in Statistics},
   address = {Heidelberg, Germany},
   year = {2011},
   type = {Book}
}

@article{hanson08,
   author = {Hanson, S.J. and Halchenko, Y.O.},
   title = {Brain Reading Using Full Brain Support VectorMachines for Object Recognition: There Is No “Face” Identiﬁcation Area},
   journal = {Neural Comput},
   volume = {20},
   pages = {486-503},
   year = {2008},
   type = {Journal Article}
}

@article{hamilton2011,
   author = {Hamilton, J.P. and Furman, D.J. and Chang, C. and Thomason, M.E. and Dennis, E. and Gotlib, I.H.},
   title = {Default-mode and task-positive network activity in Major Depressive Disorder: Implications for adaptive and maladaptive rumination},
   journal = {Biol Psychiatry},
   volume = {70},
   number = {4},
   pages = {327–333},
   year = {2011},
   type = {Journal Article}
}

@article{golland07,
   author = {Golland, Y. and Bentin, S. and Gelbard, H. and Benjamini, Y. and Heller, R. and Nir, Y. and Hasson, U. and Malach, R.},
   title = {Extrinsic and intrinsic systems in the posterior cortex of the human brain revealed during natural sensory stimulation},
   journal = {Cereb Cortex},
   volume = {17},
   number = {4},
   pages = {766-77},
   year = {2007},
   type = {Journal Article}
}

@article{glass13,
   author = {Glasser, Matthew F. and Sotiropoulos, Stamatios N. and Wilson, J. Anthony and Coalson, Timothy S. and Fischl, Bruce and Andersson, Jesper L. and Xu, Junqian and Jbabdi, Saad and Webster, Matthew and Polimeni, Jonathan R.},
   title = {The minimal preprocessing pipelines for the Human Connectome Project},
   journal = {Neuroimage},
   volume = {80},
   pages = {105-124},
   year = {2013},
   type = {Journal Article}
}

@article{fransson2006,
   author = {Fransson, P.},
   title = {How default is the default mode of brain function? Further evidence from intrinsic BOLD signal fluctuations},
   journal = {Neuropsychologia},
   volume = {44},
   pages = {2836–2845},
   year = {2006},
   type = {Journal Article}
}

@article{fox2005,
   author = {Fox, M. D. and Snyder, A. Z. and Vincent, J. L. and Corbetta, M. and Van Essen, D. C. and Raichle, M. E.},
   title = {The human brain is intrinsically organized into dynamic, anticorrelated functional networks},
   journal = {Proc Natl Acad Sci U S A},
   volume = {102},
   number = {27},
   pages = {9673-8},
   year = {2005},
   type = {Journal Article}
}

@article{essen2012,
   author = {Van Essen, David C. and Ugurbil, Kamil and Auerbach, E. and Barch, D. and Behrens, T. E. J. and Bucholz, R. and Chang, A. and Chen, Liyong and Corbetta, Maurizio and Curtiss, Sandra W.},
   title = {The Human Connectome Project: a data acquisition perspective},
   journal = {Neuroimage},
   volume = {62},
   number = {4},
   pages = {2222-2231},
   year = {2012},
   type = {Journal Article}
}

@article{doria2010,
   author = {Doria, V. and Beckmann, Christian F. and Arichia, T. and Merchanta, N. and Groppoa, M. and Turkheimerb, F.E. and Counsella, S.J. and Murgasovad, M. and Aljabard, P. and Nunesa, R.G. and Larkmana, D.J. and Reese, G. and Edwards, A. D.},
   title = {Emergence of resting state networks in the preterm human brain},
   journal = {Proc Natl Acad Sci U S A},
   volume = {107},
   number = {46},
   pages = {20015-20020},
   year = {2010},
   type = {Journal Article}
}

@article{crad12,
   author = {Craddock, R. C. and James, G. A. and Holtzheimer, P. E., 3rd and Hu, X. P. and Mayberg, H. S.},
   title = {A whole brain fMRI atlas generated via spatially constrained spectral clustering},
   journal = {Hum Brain Mapp},
   volume = {33},
   number = {8},
   pages = {1914-28},
   year = {2012},
   type = {Journal Article}
}

@article{corbettashul2008,
   author = {Corbetta, M. and Patel, G. and Shulman, G. L.},
   title = {The reorienting system of the human brain: from environment to theory of mind},
   journal = {Neuron},
   volume = {58},
   number = {3},
   pages = {306-24},
   year = {2008},
   type = {Journal Article}
}

@article{cole14,
   author = {Cole, M.W. and Bassettf, D.S. and Power, J.D. and Braver, T.S. and Petersen, S.E.},
   title = {Intrinsic and Task-Evoked Network Architectures of the Human Brain},
   journal = {Neuron},
   volume = {83c},
   pages = {238–251},
   year = {2014},
   type = {Journal Article}
}

@article{chen01,
   author = {Chennubhotla, Chakra and Jepson, Allan},
   title = {Sparse PCA. Extracting multi-scale structure from data},
   journal = {Proceedings. Eighth IEEE International Conference on Computer Vision, 2001.},
   volume = {1},
   pages = {641-647},
   year = {2001},
   type = {Journal Article}
}

@article{calhoun2001,
   author = {Calhoun, V. D. and Adali, T. and Pearlson, G. D. and Pekar, J. J.},
   title = {A method for making group inferences from functional MRI data using independent component analysis},
   journal = {Human brain mapping},
   volume = {14},
   number = {3},
   pages = {140-151},
   year = {2001},
   type = {Journal Article}
}

@article{bzdok2013tpj,
   author = {Bzdok, D. and Langner, R. and Schilbach, L. and Jakobs, O. and Roski, C. and Caspers, S. and Laird, A.R. and Fox, P.T. and Zilles, K. and Eickhoff, S. B.},
   title = {Characterization of the temporo-parietal junction by combining data-driven parcellation, complementary connectivity analyses, and functional decoding},
   journal = {Neuroimage},
   volume = {81},
   pages = {381–392},
   year = {2013},
   type = {Journal Article}
}

@article{broyd09,
   author = {Broyd, S. J. and Demanuele, C. and Debener, S. and Helps, S. K. and James, C. J. and Sonuga-Barke, E. J.},
   title = {Default-mode brain dysfunction in mental disorders: a systematic review},
   journal = {Neurosci Biobehav Rev},
   volume = {33},
   number = {3},
   pages = {279-96},
   year = {2009},
   type = {Journal Article}
}

@article{biswal1995,
   author = {Biswal, B. and Yetkin, F. Z. and Haughton, V. M. and Hyde, J. S.},
   title = {Functional connectivity in the motor cortex of resting human brain using echo-planar MRI},
   journal = {Magn Reson Med},
   volume = {34},
   number = {4},
   pages = {537-41},
   year = {1995},
   type = {Journal Article}
}

@book{bish2006,
   author = {Bishop, Christopher M.},
   title = {Pattern recognition and machine learning},
   publisher = {springer New York},
   volume = {4},
   note = {4},
   year = {2006},
   type = {Book}
}

@article{bert1950,
   author = {von Bertalanffy, L.},
   title = {An outline of General System Theory.},
   journal = {Br. J. Philos. Sci.},
   volume = {1},
   pages = {1389–1164},
   year = {1950},
   type = {Journal Article}
}

@article{beckmann2005,
   author = {Beckmann, C. F. and DeLuca, M. and Devlin, J. T. and Smith, S. M.},
   title = {Investigations into resting-state connectivity using independent component analysis},
   journal = {Philos Trans R Soc Lond B Biol Sci},
   volume = {360},
   number = {1457},
   pages = {1001-13},
   year = {2005},
   type = {Journal Article}
}

@article{barch2013,
   author = {Barch, Deanna M. and Burgess, Gregory C. and Harms, Michael P. and Petersen, Steven E. and Schlaggar, Bradley L. and Corbetta, Maurizio and Glasser, Matthew F. and Curtiss, Sandra and Dixit, Sachin and Feldt, Cindy},
   title = {Function in the human connectome: task-fMRI and individual differences in behavior},
   journal = {Neuroimage},
   volume = {80},
   pages = {169-189},
   year = {2013},
   type = {Journal Article}
}

@article{anderson2013,
   author = {Anderson, M.L. and Kinnison, J. and Pessoa, L.},
   title = {Describing functional diversity of brain regions and brain networks},
   journal = {Neuroimage},
   volume = {73},
   pages = {50–58},
   year = {2013},
   type = {Journal Article}
}

@article{abrah14,
   author = {Abraham, A. and Pedregosa, F. and Eickenberg, M. and Gervais, P. and Mueller, A. and Kossaifi, J. and Gramfort, A. and Thirion, B. and Varoquaux, G.},
   title = {Machine learning for neuroimaging with scikit-learn},
   journal = {Front Neuroinform},
   volume = {8},
   pages = {14},
   year = {2014},
   type = {Journal Article}
}

@article{thirion14,
   author = {Thirion, B. and Varoquaux, G. and Dohmatob, E. and Poline, J. B.},
   title = {Which fMRI clustering gives good brain parcellations?},
   journal = {Front Neurosci},
   volume = {8},
   pages = {167},
   year = {2014},
   type = {Journal Article}
}

@article{bzdok12modular,
   author = {Bzdok, D. and Langner, R. and Hoffstaedter, F. and Turetsky, B. I. and Zilles, K. and Eickhoff, S. B.},
   title = {The modular neuroarchitecture of social judgments on faces},
   journal = {Cereb Cortex},
   volume = {22},
   number = {4},
   pages = {951-61},
   year = {2012},
   type = {Journal Article}
}

@article{behrens03,
   author = {Behrens, T. E. and Johansen-Berg, H. and Woolrich, M. W. and Smith, S. M. and Wheeler-Kingshott, C. A. and Boulby, P. A. and Barker, G. J. and Sillery, E. L. and Sheehan, K. and Ciccarelli, O. and Thompson, A. J. and Brady, J. M. and Matthews, P. M.},
   title = {Non-invasive mapping of connections between human thalamus and cortex using diffusion imaging},
   journal = {Nat Neurosci},
   volume = {6},
   number = {7},
   pages = {750-7},
   year = {2003},
   type = {Journal Article}
}

@article{bullmore09,
   author = {Bullmore, E. and Sporns, O.},
   title = {Complex brain networks: graph theoretical analysis of structural and functional systems},
   journal = {Nat Rev Neurosci},
   volume = {10},
   number = {4},
   pages = {312-312},
   year = {2009},
   type = {Journal Article}
}

@article{friston94,
   author = {Friston, K. J. and Holmes, A. P. and Worsley, K. J. and Poline, J. P. and Frith, C. D. and Frackowiak, R. S.},
   title = {Statistical parametric maps in functional imaging: a general linear approach},
   journal = {Hum Brain Mapp},
   volume = {2},
   number = {4},
   pages = {189-210},
   year = {1994},
   type = {Journal Article}
}

@article{friston97,
   author = {Friston, K. J. and Buechel, C. and Fink, G. R. and Morris, J. and Rolls, E. and Dolan, R. J.},
   title = {Psychophysiological and modulatory interactions in neuroimaging},
   journal = {Neuroimage},
   volume = {6},
   number = {3},
   pages = {218-29},
   year = {1997},
   type = {Journal Article}
}

@article{stephan04,
   author = {Stephan, K. E.},
   title = {On the role of general system theory for functional neuroimaging},
   journal = {J Anat},
   volume = {205},
   number = {6},
   pages = {443-70},
   year = {2004},
   type = {Journal Article}
}

@article{dauphin15,
   author = {Dauphin, Yann N. and de Vries, Harm and Chung, Junyoung and Bengio, Yoshua},
   title = {RMSProp and equilibrated adaptive learning rates for non-convex optimization},
   journal = {arXiv preprint arXiv:1502.04390},
   year = {2015},
   type = {Journal Article}
}

@article{fox07,
   author = {Fox, D. F. and Raichle, M. E.},
   title = {Spontaneous fluctuations in brain activity observed with functional magnetic resonance imaging},
   journal = {Nat Rev Neurosci},
   volume = {8},
   pages = {700-711},
   year = {2007},
   type = {Journal Article}
}

@article{hipp15,
   author = {Hipp, J. F. and Siegel, M.},
   title = {BOLD fMRI Correlation Reflects Frequency-Specific Neuronal Correlation},
   journal = {Curr Biol},
   year = {2015},
   type = {Journal Article}
}

@article{smith2009,
   author = {Smith, S. M. and Fox, P. T. and Miller, K. L. and Glahn, D. C. and Fox, P. M. and Mackay, C. E. and Filippini, N. and Watkins, K. E. and Toro, R. and Laird, A. R. and Beckmann, C. F.},
   title = {Correspondence of the brain's functional architecture during activation and rest},
   journal = {Proc Natl Acad Sci U S A},
   volume = {106},
   number = {31},
   pages = {13040-5},
   year = {2009},
   type = {Journal Article}
}

@inproceedings{le2011ica,
  title={ICA with reconstruction cost for efficient overcomplete feature learning},
  author={Le, Quoc V and Karpenko, Alexandre and Ngiam, Jiquan and Ng, Andrew Y},
  booktitle={Advances in Neural Information Processing Systems},
  pages={1017--1025},
  year={2011}
}

@article{baldi1989neural,
  title={Neural networks and principal component analysis: Learning from examples without local minima},
  author={Baldi, Pierre and Hornik, Kurt},
  journal={Neural networks},
  volume={2},
  number={1},
  pages={53--58},
  year={1989},
  publisher={Elsevier}
}

@article{olshausen96,
  title={Emergence of simple-cell receptive field properties by learning a sparse code for natural images},
  author={Olshausen, Bruno A and others},
  journal={Nature},
  volume={381},
  number={6583},
  pages={607--609},
  year={1996}
}

@article{hinton06,
  title={Reducing the dimensionality of data with neural networks},
  author={Hinton, Geoffrey E and Salakhutdinov, Ruslan R},
  journal={Science},
  volume={313},
  number={5786},
  pages={504--507},
  year={2006},
  publisher={American Association for the Advancement of Science}
}

@article{poldrack09decoding,
   author = {Poldrack, R. A. and Halchenko, Y. O. and Hanson, S. J.},
   title = {Decoding the large-scale structure of brain function by classifying mental States across individuals},
   journal = {Psychol Sci},
   volume = {20},
   number = {11},
   pages = {1364-72},
   year = {2009},
   type = {Journal Article}
}

@article{abu1994hints,
  title={Learning from hints},
  author={Abu-Mostafa, Yaser S},
  journal={Journal of Complexity},
  volume={10},
  number={1},
  pages={165--178},
  year={1994},
  publisher={Elsevier}
}

@article{dauphin2015rmsprop,
  title={RMSProp and equilibrated adaptive learning rates for non-convex optimization},
  author={Dauphin, Yann N and de Vries, Harm and Chung, Junyoung and Bengio, Yoshua},
  journal={arXiv preprint arXiv:1502.04390},
  year={2015}
}

@article{bastien2012theano,
  title={Theano: new features and speed improvements},
  author={Bastien, Fr{\'e}d{\'e}ric and Lamblin, Pascal and Pascanu, Razvan and Bergstra, James and Goodfellow, Ian and Bergeron, Arnaud and Bouchard, Nicolas and Warde-Farley, David and Bengio, Yoshua},
  journal={arXiv preprint arXiv:1211.5590},
  year={2012}
}

@article{barch2013,
   author = {Barch, Deanna M. and Burgess, Gregory C. and Harms, Michael P. and Petersen, Steven E. and Schlaggar, Bradley L. and Corbetta, Maurizio and Glasser, Matthew F. and Curtiss, Sandra and Dixit, Sachin and Feldt, Cindy},
   title = {Function in the human connectome: task-fMRI and individual differences in behavior},
   journal = {Neuroimage},
   volume = {80},
   pages = {169-189},
   year = {2013},
   type = {Journal Article}
}

@article{bergstra2010theano,
  title={Theano: a CPU and GPU math expression compiler},
  author={Bergstra, James and Breuleux, Olivier and Bastien, Fr{\'e}d{\'e}ric and Lamblin, Pascal and Pascanu, Razvan and Desjardins, Guillaume and Turian, Joseph and Warde-Farley, David and Bengio, Yoshua},
  journal={Proceedings of the Python for scientific computing conference (SciPy)},
  volume={4},
  pages={3},
  year={2010},
  organization={Austin, TX}
}
@article{rmsprop,
  title={Lecture 6.5—RmsProp: Divide the gradient by a running average of its recent magnitude},
  author={Tieleman, T. and Hinton, G.},
  journal={COURSERA: Neural Networks for Machine Learning},
  year={2012}
}

@article{pinel07,
   author = {Pinel, P. and Thirion, B. and Meriaux, S. and Jobert, A. and Serres, J. and Le Bihan, D. and Poline, J. B. and Dehaene, S.},
   title = {Fast reproducible identification and large-scale databasing of individual functional cognitive networks},
   journal = {BMC Neurosci},
   volume = {8},
   pages = {91},
   year = {2007},
   type = {Journal Article}
}

@article{gorgo11,
   author = {Gorgolewski, K. and Burns, C. D. and Madison, C. and Clark, D. and Halchenko, Y. O. and Waskom, M. L. and Ghosh, S. S.},
   title = {Nipype: a flexible, lightweight and extensible neuroimaging data processing framework in python},
   journal = {Front Neuroinform},
   volume = {5},
   pages = {13},
   year = {2011},
   type = {Journal Article}